1929 3319
285 264 338 300 68

807 263 933 310 THE
967 263 1218 304 SATIRES

1587 275 1675 303 SAT.
1700 274 1722 300 V
1731 291 1738 300 .

292 375 370 413 120
401 373 461 413 Et
482 374 587 428 quid
607 381 691 416 tam
713 389 888 428 parvum
909 382 972 417 est
989 375 1003 416 ?
1051 375 1136 417 Sed
1156 377 1275 416 nullo
1297 375 1417 416 thure
1436 375 1598 425 litabis,

404 441 579 482 Haereat
598 442 643 482 in
665 443 803 483 stultis
823 444 961 484 brevis
981 450 1028 484 ut
1049 444 1266 484 semuncia
1286 443 1401 483 recti.

406 511 516 550 Haec
538 511 714 551 miscere
736 512 882 560 nefas3
913 526 1010 561 nec,
1031 526 1160 565 quum
1184 512 1241 552 sis
1263 519 1402 552 cetera
1423 511 1570 560 fossor,

403 578 510 617 Tres
529 585 690 618 tantum
713 578 766 618 ad
785 592 983 619 numeros
1004 579 1143 631 Satyri
1164 593 1356 619 moveare
1380 577 1580 630 Bathylli.

403 645 428 664 “
441 644 572 685 Liber
591 644 709 697 ego.'’
741 645 870 685 Unde
888 645 1032 685 datum
1048 644 1131 684 hoc
1148 645 1291 694 sumis,
1308 650 1370 685 tot
1390 644 1558 684 subdite
1575 643 1703 683 rebus
1722 640 1736 681 ?

295 715 373 751 125
406 712 471 751 An
495 710 718 750 dominum
739 710 926 762 ignoras,
947 711 1029 750 nisi
1051 724 1181 763 quem
1200 710 1389 751 vindicta
1408 711 1573 750 relaxat
1591 708 1605 749 ?

407 779 418 798 ‘
439 779 474 827 Ι,
495 791 612 831 puer,
633 783 674 816 et
695 777 877 829 strigiles
899 776 1087 829 Crispini
1109 777 1164 816 ad
1185 777 1340 817 balnea
1361 777 1477 817 defer
1493 775 1516 816 !’

409 845 453 884 Si
475 844 712 896 increpuit:
758 844 769 863 ‘
794 842 946 882 Cessas
968 850 1147 894 nugator
1164 842 1192 883 ?’
1223 844 1438 883 servitium
1459 856 1554 882 acre

407 912 471 951 Te
493 911 600 950 nihil
621 909 827 963 impellit:
860 922 940 948 nec
963 908 1194 962 quidquam
1217 909 1483 949 extrinsecus
1502 909 1642 958 intrat,

410 977 537 1024 Quod
557 990 706 1016 nervos
727 976 868 1027 agitet.

931 974 1017 1015 Sed
1039 974 1075 1014 si
1094 974 1208 1015 intus
1230 981 1272 1014 et
1292 975 1334 1014 in
1348 975 1496 1029 jecore
1520 988 1630 1027 aegro

299 1049 378 1086 130
411 1046 658 1085 Nascuntur
679 1041 857 1091 domini,
879 1041 951 1095 qui
974 1048 1018 1080 tu
1040 1041 1288 1094 impunitior
1309 1041 1403 1081 exis

295 1202 349 1228 act
379 1197 514 1227 without.
549 1195 742 1235 blundering
779 1193 996 1235 egregiously.

299 1239 386 1270 GIF.
419 1239 454 1269 T.
490 1238 588 1268 PRA.
621 1237 729 1267 MAD.
766 1237 843 1266 anri
881 1246 996 1266 navem

295 1284 415 1313 evertat
441 1281 634 1321 gubernator
663 1290 705 1310 an
738 1279 856 1320 paleoe,
890 1278 923 1307 in
962 1287 998 1307 re

300 1325 553 1364 aliqucmtulmn,
572 1325 603 1352 in
623 1321 850 1362 gubernatoris
867 1321 998 1349 inscitia

298 1366 386 1396 nihil
392 1367 539 1395 interest.
552 1366 643 1405 lapsa
656 1368 702 1394 est
713 1363 808 1392 libido
817 1364 850 1392 in
863 1363 999 1391 muliere

299 1409 421 1448 ignota,
454 1408 541 1437 dolor
571 1407 616 1436 ad
638 1406 812 1447 panciores
838 1405 998 1445 pertinet,

300 1459 396 1490 quam
426 1450 456 1478 si
480 1449 635 1489 petulans
664 1447 793 1487 ficisset
825 1447 858 1476 in
889 1446 1000 1485 aliqua

299 1501 456 1531 generosa
477 1501 516 1520 ac
546 1490 643 1520 nobili
672 1490 796 1527 virgine
808 1498 819 1524 ;
853 1489 1001 1528 peccavit

301 1544 372 1563 vero
388 1533 487 1563 nilzilo
504 1533 568 1561 min
576 1542 624 1569 ns,
641 1531 797 1570 siquidem
811 1533 855 1559 est
866 1539 1002 1570 peecare

302 1579 465 1615 tamqnam
476 1574 662 1604 transsilire
672 1574 794 1607 lineas;
809 1581 903 1611 quam
918 1571 1005 1610 lonqe

298 1617 517 1658 progrediare,
541 1626 637 1656 quum
661 1615 760 1644 semel
778 1614 1002 1653 transsilieris,

302 1660 347 1689 ad
373 1659 552 1698 auyendam
592 1658 718 1698 culpam
749 1656 834 1686 nihil
868 1656 1002 1691 altine&

306 1701 379 1731 Sen.
397 1701 459 1740 Ep.
475 1701 526 1730 66.
550 1699 630 1729 This
648 1699 793 1729 doctrine
809 1699 834 1728 is
853 1696 1004 1727 attacked

305 1744 336 1773 in
355 1743 426 1773 Cic.
443 1743 516 1772 Fin.
533 1742 580 1779 iii,
598 1743 659 1779 273
675 1742 722 1770 for
738 1740 828 1770 Mur.
843 1742 902 1776 303
922 1739 1004 1769 Hor.

306 1785 338 1815 S.
356 1785 378 1822 i,
395 1787 425 1820 3,
441 1786 482 1813 96
499 1784 540 1821 ff3
566 1783 629 1823 Ep.
646 1784 668 1822 i,
689 1784 739 1822 16,
757 1784 797 1811 55
814 1782 836 1811 f.
854 1781 938 1811 KG.

351 1828 423 1856 120.
448 1826 552 1856 “Yet
565 1826 653 1855 what
670 1836 704 1855 so
719 1823 843 1863 trifling
856 1824 897 1852 ΞΜ
918 1822 1005 1853 GIF.

307 1869 315 1884 Δ
335 1868 397 1898 and
428 1868 617 1908 apparently
644 1877 678 1896 so
710 1867 815 1905 easy?
849 1866 906 1895 but
928 1866 954 1895 it
979 1866 1005 1895 is

307 1910 431 1950 beyond
443 1911 498 1940 the
511 1920 616 1950 power
628 1909 663 1939 of
673 1909 729 1939 the
743 1907 820 1948 gods
831 1913 862 1937 to
875 1908 993 1947 grant.'

353 1952 498 1988 Litabis;
524 1962 550 1981 s.
566 1952 601 1992 ii,
621 1952 671 1991 75,
687 1955 773 1981 note.
793 1949 890 1979 PRA.

353 1996 426 2025 121.
451 1994 583 2024 ‘Short'
607 1995 634 2023 is
659 1991 785 2034 applied
803 1992 835 2022 in
859 2002 915 2021 our
939 2002 1009 2021 own

309 2037 470 2076 language
485 2041 516 2066 to
533 2036 662 2075 weight.

356 2081 426 2109 122.
451 2079 537 2108 Hoec
567 2078 588 2107 i.
616 2088 643 2108 e.
676 2077 683 2093 ⁶
701 2076 778 2115 folly
807 2076 869 2106 and
900 2076 1008 2121 rightqs

356 2163 473 2193 Cetera
490 2172 509 2192 a
526 2162 688 2199 Grecism,
706 2161 747 2191 w&
762 2161 861 2191 ἄλλα.
879 2159 990 2190 LUB.

355 2205 502 2240 Fossor;
528 2214 553 2234 s.
574 2203 651 2233 Juv.
668 2204 716 2243 xi,
734 2206 786 2233 80.
804 2203 912 2233 MAD.

356 2250 427 2277 123.
452 2247 596 2285 Histrio,
608 2247 637 2275 si
647 2247 748 2286 paulo
760 2256 795 2276 se
807 2246 903 2275 movit
915 2248 1010 2280 eattra

311 2300 333 2319 n
341 2300 361 2318 u
370 2300 399 2319 m
410 2299 451 2319 er
460 2299 481 2318 u
491 2299 533 2327 m,
544 2292 602 2318 aut
611 2289 641 2317 si
649 2298 762 2318 versus
766 2299 791 2329 p
799 2288 1013 2318 rommeiatus

312 2335 361 2361 est
376 2331 499 2371 syllaba
518 2340 583 2359 mea
600 2330 724 2360 brevior
735 2334 793 2359 aut
810 2330 943 2368 longior,
957 2339 1013 2358 ea*-

313 2373 463 2402 sibilatm·
486 2376 517 2401 et
541 2373 748 2413 enploditur:
786 2374 818 2402 in
840 2373 919 2410 vita,
941 2381 1013 2410 quoe

314 2416 401 2444 omni
434 2418 528 2454 geste(
560 2415 766 2453 moderatior,
799 2415 885 2444 omni
916 2423 1012 2442 versu

313 2458 423 2497 aptio-7·
439 2466 506 2486 esse
522 2456 620 2494 debet,
639 2460 674 2485 ut
691 2458 724 2485 in
741 2456 877 2495 syllaba,
895 2458 924 2484 te
936 2465 1014 2495 pec·-

314 2509 390 2528 eare
406 2500 492 2528 dices
503 2499 520 2526 5?
540 2502 666 2538 poetam
681 2508 740 2528 non
752 2499 848 2527 audio
860 2499 892 2527 in
907 2499 1013 2536 nugis,

315 2542 347 2571 in
365 2542 440 2570 vilce
455 2540 608 2570 societate
623 2540 753 2569 audiam
771 2541 883 2578 civem,
901 2539 1011 2578 digitis

309 2586 446 2624 peccata
474 2582 688 2611 dimetientem
716 2592 775 2610 sna
787 2583 805 2611 ξ’
836 2582 884 2619 &a
897 2591 905 2615 ,·
942 2581 1012 2610 Cic.

316 2625 393 2655 Par.
409 2627 448 2662 33
470 2624 532 2653 CS.
553 2623 646 2663 Virg.
664 2623 704 2653 E.
721 2623 764 2661 vi,
781 2624 822 2656 27
837 2620 847 2661 3⁷
864 2622 961 2663 Prop.
977 2623 1012 2661 ii,

320 2669 370 2707 18,
391 2668 450 2704 163
476 2676 502 2695 s.
520 2665 622 2695 Mart.
636 2666 682 2704 xi,
701 2668 751 2699 85.
766 2668 785 2694 3
802 2665 833 2703 f;
861 2665 920 2695 Ov.
940 2666 1014 2694 Am.

316 2710 354 2747 ii,
372 2711 404 2745 4,
421 2709 473 2738 29.
491 2707 576 2737 KG.

361 2751 431 2781 ‘Of
455 2749 629 2788 Bathyllus
655 2748 795 2788 dane-ing
816 2749 872 2779 the
896 2748 1016 2787 satyr)

318 2804 344 2823 s.
358 2793 455 2832 Virg.
466 2791 506 2821 E.
523 2802 554 2831 V,
570 2791 627 2829 73;
650 2791 732 2821 Hor.
747 2791 789 2821 A.
801 2791 839 2821 P.
852 2793 912 2821 221
927 2800 934 2828 ;
952 2790 1015 2830 Ep.

318 2836 354 2875 ii,
371 2837 402 2872 2,
420 2836 500 2871 1253
528 2833 625 2863 PRA.
642 2834 674 2863 S.
691 2834 713 2872 i,
731 2835 763 2872 5,
780 2835 832 2863 63.

362 2877 491 2907 Movere
507 2877 514 2892 ‘
533 2880 566 2905 to
582 2875 708 2906 dance.⁷
726 2875 808 2905 Hor.
823 2876 864 2905 A.
880 2874 918 2904 P.
933 2876 994 2904 232
1009 2884 1016 2911 3

1046 1193 1144 1223 PRA.
1165 1193 1198 1223 S.
1215 1193 1238 1233 i,
1255 1194 1287 1231 9,
1304 1195 1366 1230 24;
1393 1191 1457 1222 Od.
1478 1192 1525 1231 iii,
1543 1192 1576 1231 6,
1593 1194 1657 1230 213
1683 1191 1746 1222 Ov.

1044 1237 1085 1266 A.
1104 1236 1144 1265 A.
1162 1236 1208 1273 iii,
1225 1237 1300 1264 350.
1318 1234 1402 1265 KG.

1086 1277 1262 1316 Bathyllus
1272 1287 1282 1313 ;
1321 1287 1348 1307 s.
1379 1276 1400 1306 J
1405 1287 1456 1306 ω’.
1488 1276 1531 1316 vi,
1563 1277 1617 1316 63,
1648 1280 1743 1315 note;

1045 1320 1125 1349 Ath.
1142 1320 1164 1357 i,
1187 1319 1234 1352 17.
1257 1319 1353 1348 PRA.

1089 1364 1160 1391 124.
1179 1361 1289 1391 Dama
1299 1361 1473 1391 maintains
1483 1360 1534 1390 his
1548 1360 1746 1399 conclusion,

1043 1403 1338 1442 notwithstanding
1360 1404 1415 1433 the
1439 1402 1618 1432 overthrow
1641 1402 1677 1432 of
1695 1402 1747 1432 his

1044 1446 1226 1485 premisses.
1253 1446 1274 1462 ‘⁶
1293 1445 1384 1485 liber,
1412 1445 1492 1474 liber
1516 1454 1588 1474 sum
1601 1444 1637 1474 !''
1663 1444 1750 1475 Hor.

1047 1488 1078 1517 S.
1097 1488 1132 1525 ii,
1150 1487 1181 1525 7,
1197 1489 1249 1517 92.
1273 1487 1369 1517 PRA.

1097 1529 1191 1559 Unde
1211 1530 1321 1558 datum
1347 1529 1477 1559 sentis?

1047 1573 1100 1601 31.
1117 1570 1225 1609 (ΒΥ.)
1243 1571 1327 1601 KG.

1097 1612 1159 1642 Tot
1175 1613 1300 1643 subdite
1321 1613 1439 1648 rebus-3
1465 1622 1491 1642 s.
1511 1611 1596 1642 Hor.
1614 1612 1647 1642 S.
1663 1612 1698 1652 ii,
1716 1612 1748 1653 7,

1051 1656 1088 1689 75
1107 1654 1143 1692 ff;
1170 1655 1241 1685 KG.
1259 1656 1306 1694 iii,
1323 1657 1376 1692 28,
1394 1658 1479 1684 note.
1499 1653 1607 1683 MAD.

1096 1699 1165 1726 125.
1191 1698 1249 1727 See
1265 1699 1318 1727 88.
1338 1697 1436 1726 PRA.

1097 1741 1165 1769 126.
1191 1740 1240 1769 ‘A
1262 1738 1430 1769 command
1453 1738 1533 1768 from
1554 1748 1633 1777 your
1652 1748 1752 1777 quon-

1049 1780 1123 1810 dam
1140 1786 1272 1819 master,
1286 1782 1312 1811 it
1324 1782 1349 1811 is
1365 1786 1450 1820 true,
1463 1779 1569 1810 would
1584 1783 1640 1810 not
1657 1779 1752 1811 affect

1049 1824 1134 1862 you!
1152 1823 1195 1862 [s.
1212 1824 1249 1853 St
1267 1823 1425 1853 Matthew
1441 1823 1509 1862 viii,
1526 1821 1570 1863 9.]

1094 1866 1262 1905 Striffl'les;
1298 1866 1376 1895 Juv.
1398 1865 1446 1903 iii,
1463 1866 1544 1902 263;
1583 1863 1674 1895 Petr.
1689 1865 1752 1903 9l;

1054 1908 1150 1946 Apul.
1174 1908 1259 1937 Flor.
1277 1908 1312 1946 ii,
1336 1918 1367 1947 p.
1384 1908 1458 1946 346,
1476 1906 1528 1939 27.
1547 1905 1593 1936 R.
1632 1906 1753 1947 Those,

1052 1950 1123 1979 who
1139 1954 1223 1979 went
1240 1953 1273 1978 to
1289 1950 1344 1979 the
1364 1949 1471 1987 baths,
1488 1948 1564 1979 took
1579 1947 1665 1978 their
1681 1959 1754 1978 own

1053 2002 1198 2032 scrapers
1223 1990 1285 2021 and
1306 2001 1391 2031 soap.
1413 1991 1495 2021 Luc.
1517 1990 1659 2029 Lexiph.
1675 1994 1700 2021 t.
1716 1991 1752 2031 ii,

1055 2044 1087 2073 p.
1104 2036 1187 2072 3203
1207 2033 1277 2064 KG.
1295 2033 1385 2063 Suet.
1400 2034 1435 2071 ii,
1451 2034 1504 2062 80.
1521 2033 1632 2062 PRA.

1054 2117 1081 2147 P
1097 2076 1292 2117 Crispinus;
1320 2076 1396 2105 Juv.
1410 2075 1433 2115 i,
1446 2074 1500 2115 27,
1516 2079 1611 2113 note3
1628 2075 1672 2114 iv,
1691 2076 1706 2105 l
1720 2073 1754 2105 ff.

1100 2160 1172 2193 127.
1196 2160 1273 2190 Ter.
1290 2159 1376 2189 Eun.
1392 2159 1436 2198 iv,
1454 2159 1485 2198 6,
1508 2160 1554 2189 16.
1572 2158 1645 2189 KG.

1101 2205 1171 2232 128.
1196 2202 1255 2232 See
1274 2202 1351 2231 Juv.
1368 2201 1437 2241 xiv,
1454 2202 1507 2230 63.
1524 2201 1596 2232 KG.

1103 2246 1172 2274 129.
1196 2245 1265 2275 The
1294 2243 1462 2283 metaphor
1490 2253 1565 2284 may
1590 2243 1631 2274 be
1660 2242 1757 2273 taken

1057 2287 1136 2317 from
1166 2290 1317 2327 puppets,
1348 2286 1454 2316 which
1487 2296 1540 2315 are
1571 2284 1685 2316 moved
1713 2285 1756 2325 by

1058 2330 1190 2369 strings.
1214 2339 1240 2358 s.
1258 2328 1341 2358 Hor.
1366 2329 1397 2358 S.
1414 2328 1449 2367 ii,
1467 2327 1498 2360 7.
1515 2329 1553 2358 81
1571 2328 1600 2365 f;
1635 2329 1757 2358 Anton.

1058 2372 1091 2400 ii.
1110 2374 1149 2408 33
1168 2372 1223 2410 vii,
1241 2370 1392 2409 3.(GK.)
1408 2369 1471 2399 OS.
1488 2371 1544 2410 qui
1560 2371 1594 2400 in
1611 2370 1758 2409 ligneolis

1058 2414 1223 2443 hominvm
1232 2413 1354 2453 fiyuris
1370 2415 1481 2452 gestus
1497 2415 1612 2451 movet,
1628 2412 1757 2452 quando

1049 2455 1147 2494 filum
1165 2455 1308 2493 membri,
1325 2455 1408 2494 quod
1421 2455 1543 2493 agitari
1557 2454 1650 2492 solet,
1666 2456 1758 2484 tram-

1058 2499 1133 2531 erit,
1151 2496 1352 2537 torquebitur
1367 2497 1488 2535 cervia-³,
1505 2495 1631 2525 nutabit
1647 2499 1756 2537 caput,

1055 2540 1141 2569 oculi
1156 2538 1339 2576 vibrabant,
1353 2548 1470 2567 manns
1481 2537 1526 2567 ad
1539 2538 1758 2568 ministerium

1051 2585 1176 2622 prcesto
1192 2583 1299 2620 erunt,
1316 2590 1376 2609 nec
1392 2581 1557 2610 invenuste
1574 2582 1657 2610 totus
1672 2580 1759 2610 vide-

1057 2623 1145 2652 bitur
1161 2623 1288 2656 vive)·e,·
1325 2622 1422 2661 Apul.
1443 2620 1482 2651 de
1506 2621 1601 2651 Mun.
1625 2621 1698 2652 KG.
1723 2632 1759 2652 or

1059 2675 1107 2694 we
1122 2675 1197 2703 may
1212 2663 1411 2694 understand
1427 2663 1483 2693 the
1497 2662 1602 2694 words
1618 2665 1652 2694 in
1674 2664 1760 2695 their

1060 2707 1172 2745 simple
1188 2716 1291 2736 sense.
1311 2706 1410 2735 PRA.

1104 2748 1241 2784 Jeeore;
1256 2748 1332 2778 JuV.
1343 2749 1364 2786 i,
1379 2750 1432 2786 45,
1443 2754 1518 2779 note
1530 2759 1537 2787 ;
1549 2748 1655 2779 MAD.
1670 2748 1759 2779 Plat.

1061 2790 1146 2820 Tim.
1163 2795 1187 2821 t.
1204 2791 1250 2829 ix,
1270 2801 1298 2830 p.
1313 2792 1387 2821 389.
1404 2789 1476 2820 KG.

1106 2835 1177 2862 130.
1204 2832 1271 2870 Qut*
1286 2836 1322 2862 tn
1339 2834 1559 2874 impunitior?
1584 2832 1668 2863 Hor.
1677 2832 1711 2863 S.
1724 2832 1759 2873 ii,

1063 2874 1093 2913 7,
1112 2877 1184 2905 105.
1204 2874 1302 2904 PRA.

1508 1527 1592 1558 Hor.
1609 1527 1645 1558 S.
1661 1528 1698 1568 ii,
1713 1531 1748 1568 2,
